@inproceedings{neamtiu2005understanding,
  title={Understanding source code evolution using abstract syntax tree matching},
  author={Neamtiu, Iulian and Foster, Jeffrey S and Hicks, Michael},
  booktitle={ACM SIGSOFT Software Engineering Notes},
  volume={30},
  number={4},
  pages={1--5},
  year={2005},
  organization={ACM}
}

@inproceedings{lattner2008llvm,
  title={LLVM and Clang: Next generation compiler technology},
  author={Lattner, Chris},
  booktitle={The BSD Conference},
  pages={1--2},
  year={2008}
}

@article{duffyexploiting,
  title={Exploiting the Clang AST for Analysis of C++ Applications},
  author={Duffy, Edward B and Malloy, Brian A and Schaub, Stephen}
}

@article{schaub2014comprehensive,
  title={Comprehensive Analysis of C++ Applications using the libClang API},
  author={Schaub, Stephen and Malloy, Brian A},
  journal={To appear in Software Engineering and Data Engineering: SEDE},
  year={2014}
}

@inproceedings{pfenning1988higher,
  title={Higher-order abstract syntax},
  author={Pfenning, Frank and Elliot, Conal},
  booktitle={ACM SIGPLAN Notices},
  volume={23},
  number={7},
  pages={199--208},
  year={1988},
  organization={ACM}
}

